
@article{wang_2d_1999,
	title = {A 2D {Non}-{Splitting} {Unstructured} {Triangular} {Mesh} {Euler} {Solver} {Based} on the {Space}-{Time} {Conservation} {Element} and {Solution} {Element} {Method}},
	volume = {8},
	number = {2},
	journal = {Computational Fluid Dynamics JOURNAL},
	author = {Wang, Xiao-Yen and Chang, Sin-Chung},
	year = {1999},
	keywords = {cese, cfd},
	pages = {309--325},
	file = {wang_99_2d.pdf:/Users/yungyuc/Zotero/storage/KC8Z955B/wang_99_2d.pdf:application/pdf}
}

@article{mavriplis_unstructured_1997,
	title = {Unstructured {Grid} {Techniques}},
	volume = {29},
	copyright = {Copyright Â© 1997 by Annual Reviews Inc. All rights reserved},
	url = {http://arjournals.annualreviews.org/doi/abs/10.1146/annurev.fluid.29.1.473?prevSearch=%5Bauthor%3A+Mavriplis%2C+D.+J.%5D&searchHistoryKey=},
	doi = {10.1146/annurev.fluid.29.1.473},
	abstract = {An overview of the current state of the art in unstructured mesh techniques for computational fluid dynamics is given. The topics of mesh generation and adaptation, spatial discretization, and solution techniques for steady flows are covered. Remaining difficulties in these areas are highlighted, and directions for future work are outlined.},
	urldate = {2008-12-19},
	journal = {Annual Review of Fluid Mechanics},
	author = {Mavriplis, D. J.},
	month = jan,
	year = {1997},
	keywords = {computational; fluid; Navier-Stokes; aerodynamic; mesh; multigrid},
	file = {Mavriplis - 1997 - Unstructured Grid Techniques.pdf:/Users/yungyuc/Zotero/storage/6LDRJTM2/Mavriplis - 1997 - Unstructured Grid Techniques.pdf:application/pdf}
}

@book{berg_computational_2010,
	edition = {Softcover reprint of hardcover 3rd ed. 2008},
	title = {Computational {Geometry}: {Algorithms} and {Applications}},
	isbn = {3-642-09681-6},
	shorttitle = {Computational {Geometry}},
	publisher = {Springer},
	author = {Berg, Mark de and Cheong, Otfried and Kreveld, Marc van and Overmars, Mark},
	month = nov,
	year = {2010},
	file = {Berg - Computational Geometry--Algorithms & Applications (3rd Ed).pdf:/Users/yungyuc/Zotero/storage/GJFD6CUA/Berg - Computational Geometry--Algorithms & Applications (3rd Ed).pdf:application/pdf}
}

@phdthesis{chen_multi-physics_2011,
	title = {A {Multi}-{Physics} {Software} {Framework} on {Hybrid} {Parallel} {Computing} for {High}-{Fidelity} {Solutions} of {Conservation} {Laws}},
	url = {https://etd.ohiolink.edu/pg_10?0::NO:10:P10_ETD_SUBID:74766},
	language = {en},
	urldate = {2018-03-20},
	school = {The Ohio State University},
	author = {Chen, Yung-Yu},
	year = {2011},
	file = {Chen - 2011 - A Multi-Physics Software Framework on Hybrid Paral.pdf:/Users/yungyuc/Zotero/storage/XQ6R3IPS/Chen - 2011 - A Multi-Physics Software Framework on Hybrid Paral.pdf:application/pdf}
}

@book{lax_hyperbolic_1973,
	title = {Hyperbolic {Systems} of {Conservation} {Laws} and the {Mathematical} {Theory} of {Shock} {Waves}},
	isbn = {0-89871-177-0},
	url = {http://epubs.siam.org/doi/book/10.1137/1.9781611970562},
	publisher = {Society for Industrial and Applied Mathematics},
	author = {Lax, Peter D.},
	year = {1973},
	file = {Lax, Peter D. - Hyperbolic Systems of Conservation Laws and the Mathematical Theory of Shock Waves.pdf:/Users/yungyuc/Zotero/storage/9A4RNGX9/Lax, Peter D. - Hyperbolic Systems of Conservation Laws and the Mathematical Theory of Shock Waves.pdf:application/pdf}
}